@article{ref:sstmac,
  added-at = {2011-02-04T00:00:00.000+0100},
  author = {Janssen, Curtis L. and Adalsteinsson, Helgi and Cranford, Scott and Kenny, Joseph P. and Pinar, Ali and Evensky, David A. and Mayo, Jackson},
  biburl = {http://www.bibsonomy.org/bibtex/2150f3808bf0aa0d0e0cda183fea5cbb5/dblp},
  ee = {http://dx.doi.org/10.4018/jdst.2010040104},
  interhash = {69ec9dbbac9d121d71b99b8c68cedc66},
  intrahash = {150f3808bf0aa0d0e0cda183fea5cbb5},
  journal = {IJDST},
  keywords = {dblp},
  number = 2,
  pages = {57-73},
  timestamp = {2011-02-04T00:00:00.000+0100},
  title = {A Simulator for Large-Scale Parallel Computer Architectures.},
  volume = 1,
  year = 2010
}

@inproceedings{ref:eiger,
	author = {Kerr, Andrew and Anger, Eric and Hendry, Gilber and Yalamanchili, Sudhakar},
	title = {Eiger: A Framework for the Automated Synthesis of Statistical Performance Models},
	booktitle = {High Performance Computing},
	year = 2012
}